@Article{Hunter:2007,
Author    = {Hunter, J. D.},
Title     = {Matplotlib: A 2D graphics environment},
Journal   = {Computing in Science \& Engineering},
Volume    = {9},
Number    = {3},
Pages     = {90--95},
abstract  = {Matplotlib is a 2D graphics package used for Python for
application development, interactive scripting, and publication-quality
image generation across user interfaces and operating systems.},
publisher = {IEEE COMPUTER SOC},
doi       = {10.1109/MCSE.2007.55},
year      = 2007
}

@Inbook{Wang2013,
author="Wang, Q. Jane
and Zhu, Dong",
editor="Wang, Q. Jane
and Chung, Yip-Wah",
title="Hertz Theory: Contact of Spherical Surfaces",
bookTitle="Encyclopedia of Tribology",
year="2013",
publisher="Springer US",
address="Boston, MA",
pages="1654--1662",
isbn="978-0-387-92897-5",
doi="10.1007/978-0-387-92897-5_492",
url="https://doi.org/10.1007/978-0-387-92897-5_492"
}
